 @misc{erode, 
    url={https://www.erode.eu/}, 
    journal={ERODE},
    title={ERODE Website},
    author={Cardellia, Luca and Tribastone, Mirco and Tschaikowski, Max and Vandin, Andrea},
}

 @misc{sbmlteam_2020, 
    title={sbmlteam/jsbml: JSBML is a community-driven project to create a    free, open-source, pure Java™ library for reading, writing, and manipulating SBML files (the Systems Biology Markup Language) and data streams. It is an alternative to the mixed Java/native code-based interface provided in libSBML.},
    url={https://github.com/sbmlteam/jsbml},
    journal={GitHub},
    author={Dräger, Andreas and Rodriguez, Nicolas and others},
    year={2020},
    month={04},
}
 
@misc{porter_zyl_lamy,
    title={Welcome to Apache Maven},
    url={https://maven.apache.org/},
    journal={Maven},
    author={Porter, Brett and Zyl, Jason van and Lamy, Olivier},
    year={2021},
    month={07},
    day={25}}
}

@misc{mavenDB,
    title={maven central repository search},
    author={Sonatype},
    url={https://search.maven.org/},
    journal={Maven Central Repository Search}
}

 @misc{cucumber,
    author={SmartBear},
    title={Tools \& techniques that elevate teams to greatness}, 
    url={https://cucumber.io/},
    journal={Cucumber},
    howpublished={\url{https://cucumber.io/}},
    year={2021}
}

@misc{documents/specifications,
    key={SBMLorg},
    title={SBML Specifications}, url={http://sbml.org/Documents/Specifications}, journal={Documents/Specifications - SBML.caltech.edu},
    year={2019},
    month={4},
    day={26}
}


@article{argyris2021reducing,
  title={Reducing Boolean Networks with Backward Boolean Equivalence},
  author={Argyris, Georgios and Lafuente, Alberto Lluch and Tribastone, Mirco and Tschaikowski, Max and Vandin, Andrea},
  journal={arXiv preprint arXiv:2106.15476},
  year={2021}
}

%the SBML citation

@article{hucka2018systems,
  title={The systems biology markup language (SBML): language specification for level 3 version 2 core},
  author={Hucka, Michael and Bergmann, Frank T and Dr{\"a}ger, Andreas and Hoops, Stefan and Keating, Sarah M and Le Nov{\`e}re, Nicolas and Myers, Chris J and Olivier, Brett G and Sahle, Sven and Schaff, James C and others},
  journal={Journal of integrative bioinformatics},
  volume={15},
  number={1},
  year={2018},
  publisher={De Gruyter}
}

%the SBML-qual citation
@article{sbmlqual2015,
    title={SBML Level 3 package: Qualitative Models, Version 1, Release 1},
    author={Chaouiya, C. and Keating, S. M. and Berenguier, D. and Naldi, A. and Thieffry, D. and Iersel, M. P. van and Le, N. N. and Helikar, T.},
    journal={Journal of Integrative Bioinformatics},
    volume={12},
    number={2},
    pages={691-730},
    year={2015},
    DOI={10.1515/jib-2015-270}
}
%JSBML
@article{drager2011jsbml,
  title={JSBML: a flexible Java library for working with SBML},
  author={Dr{\"a}ger, Andreas and Rodriguez, Nicolas and Dumousseau, Marine and D{\"o}rr, Alexander and Wrzodek, Clemens and Le Nov{\`e}re, Nicolas and Zell, Andreas and Hucka, Michael},
  journal={Bioinformatics},
  volume={27},
  number={15},
  pages={2167--2168},
  year={2011},
  publisher={Oxford University Press}
}

%ERODE


%Maven


%Cucumber